@ARTICLE{Luger2021,
       author = { {Luger}, Rodrigo and {Bedell}, Megan and {Foreman-Mackey}, Daniel and {Crossfield}, Ian J.~M. and {Zhao}, Lily L. and {Hogg}, David W.},
        title = "{Mapping stellar surfaces III: An Efficient, Scalable, and Open-Source Doppler Imaging Model}",
      journal = {arXiv e-prints},
     keywords = {Astrophysics - Solar and Stellar Astrophysics, Astrophysics - Earth and Planetary Astrophysics, Astrophysics - Instrumentation and Methods for Astrophysics},
         year = 2021,
        month = oct,
          eid = {arXiv:2110.06271},
        pages = {arXiv:2110.06271},
archivePrefix = {arXiv},
       eprint = {2110.06271},
 primaryClass = {astro-ph.SR},
       adsurl = {https://ui.adsabs.harvard.edu/abs/2021arXiv211006271L},
      adsnote = {Provided by the SAO/NASA Astrophysics Data System}
}

@article{Romero-Shaw:2020owr,
    author = "Romero-Shaw, I. M. and others",
    title = "{Bayesian inference for compact binary coalescences with bilby: validation and application to the first LIGO\textendash{}Virgo gravitational-wave transient catalogue}",
    eprint = "2006.00714",
    archivePrefix = "arXiv",
    primaryClass = "astro-ph.IM",
    doi = "10.1093/mnras/staa2850",
    journal = "Mon. Not. Roy. Astron. Soc.",
    volume = "499",
    number = "3",
    pages = "3295--3319",
    year = "2020"
}

@article{Gelman-rhat,
author = {Andrew Gelman and Donald B. Rubin},
title = {{Inference from Iterative Simulation Using Multiple Sequences}},
volume = {7},
journal = {Statistical Science},
number = {4},
publisher = {Institute of Mathematical Statistics},
pages = {457 -- 472},
keywords = {Bayesian inference, Convergence of stochastic processes, ECM, EM, Gibbs sampler, importance sampling, Metropolis algorithm, multiple imputation, random-effects model, SIR},
year = {1992},
doi = {10.1214/ss/1177011136},
URL = {https://doi.org/10.1214/ss/1177011136}
}

@article{Zackay:2018qdy,
    author = "Zackay, Barak and Dai, Liang and Venumadhav, Tejaswi",
    title = "{Relative Binning and Fast Likelihood Evaluation for Gravitational Wave Parameter Estimation}",
    eprint = "1806.08792",
    archivePrefix = "arXiv",
    primaryClass = "astro-ph.IM",
    month = "6",
    year = "2018"
}